@online{whatsapp,
	author  = {WhatsApp LLC},
	title   = {WhatsApp},
	url     = {https://www.whatsapp.com},
	note    = {Application de messagerie instantanée populaire utilisée pour comparaison.}
}

@online{telegram,
	author  = {Telegram FZ-LLC},
	title   = {Telegram},
	url     = {https://telegram.org},
	note    = {Application de messagerie avec fonctionnalités avancées.}
}

@online{signal,
	author  = {Signal Foundation},
	title   = {Signal},
	url     = {https://signal.org},
	note    = {Application axée sur la sécurité et la confidentialité.}
}

@online{teams,
	author  = {Microsoft Corporation},
	title   = {Microsoft Teams},
	url     = {https://www.microsoft.com/en/microsoft-teams/group-chat-software},
	note    = {Solution de communication et collaboration utilisée pour comparaison.}
}

@online{flutter,
	title   = {Flutter},
	url     = {https://flutter.dev/},
	note    = {Framework utilisé pour le développement du client mobile multiplateforme.}
}

@online{dart,
	title   = {Dart},
	url     = {https://dart.dev/},
	note    = {Langage de programmation utilisé avec Flutter.}
}

@online{aspnetcore,
	title   = {ASP.NET Core},
	url     = {https://dotnet.microsoft.com/apps/aspnet},
	note    = {Framework serveur robuste utilisé pour le backend.}
}

@online{owasp,
	author  = {OWASP Foundation},
	title   = {OWASP Top Ten},
	url     = {https://owasp.org/www-project-top-ten/},
	note    = {Ressource de référence pour la sécurité des applications web.}
}

@online{csharp,
	title   = {C Sharp},
	url     = {https://learn.microsoft.com/en-us/dotnet/csharp/},
	note    = {Langage de programmation utilisé pour le serveur.}
}

@online{nodejs,
	title   = {Node.js},
	url     = {https://nodejs.org/},
	note    = {Utilisé pour prototyper rapidement le backend initial.}
}

@online{http,
	title   = {HTTP},
	url     = {https://developer.mozilla.org/en-US/docs/Web/HTTP},
	note    = {Protocole utilisé pour les requêtes classiques.}
}

@online{https,
	title 	= {HTTPS},
	url   	= {https://developer.mozilla.org/en-US/docs/Web/HTTP/Overview},
	note  	= {Protocole sécurisé pour la transmission des données sur Internet.}
}

@online{websocket,
	title   = {WebSocket},
	url     = {https://developer.mozilla.org/en-US/docs/Web/API/WebSockets_API},
	note    = {Protocole utilisé pour la messagerie instantanée en temps réel.}
}

@online{mysql,
	title   = {MySQL},
	url     = {https://www.mysql.com/},
	note    = {Base de données relationnelle pour stocker utilisateurs et messages.}
}

@online{railway,
	title   = {Railway},
	url     = {https://railway.app/},
	note    = {Plateforme cloud pour héberger la base de données.}
}

@online{flyio,
	title   = {Fly.io},
	url     = {https://fly.io/},
	note    = {Plateforme cloud utilisée pour héberger le serveur.}
}

@online{hive,
	title   = {Hive},
	url     = {https://docs.hivedb.dev/},
	note    = {Gestion locale des données sur l'appareil (historique messages).}
}

@online{firebase,
	title   = {Firebase},
	url     = {https://firebase.google.com/},
	note    = {Service pour gérer les notifications push.}
}

@online{gmailapi,
	title   = {Gmail API},
	url     = {https://developers.google.com/gmail/api},
	note    = {Utilisé pour envoyer les emails de vérification.}
}

@online{cloudinary,
	title   = {Cloudinary},
	url     = {https://cloudinary.com/},
	note    = {Hébergement des photos de profil.}
}

@online{removebg,
	title   = {Remove.bg},
	url     = {https://www.remove.bg/},
	note    = {Outil utilisé pour créer et nettoyer les icônes.}
}

@online{pixlre,
	title   = {Pixlr E},
	url     = {https://pixlr.com/e/},
	note    = {Éditeur en ligne pour retouches d'images.}
}

@online{canva,
	title   = {Canva},
	url     = {https://www.canva.com/},
	note    = {Outil pour créer les éléments graphiques de l'application.}
}

@online{git,
	title   = {Git},
	url     = {https://git-scm.com/},
	note    = {Gestion de versions du code.}
}

@online{gitlab,
	title   = {GitLab},
	url     = {https://gitlab.com/},
	note    = {Plateforme pour le versionnage et la gestion du projet.}
}

@online{visualstudio,
	title   = {Visual Studio},
	url     = {https://visualstudio.microsoft.com/},
	note    = {IDE principal pour le développement du serveur.}
}

@online{vscode,
	title   = {Visual Studio Code},
	url     = {https://code.visualstudio.com/},
	note    = {Éditeur utilisé pour le développement du client et scripts.}
}
